@article{
    Kobzov,
    title = {Значимость профориентационного тестирования молодежи в выборе будущей профессии},
    author = {А. Ю. Кобзов, А. В. Кобзова.},
    journal = {Молодой ученый.},
    volume = {58},
    number = {11},
    pages = {354-357},
    year = {2013},
    howpublished = {\url{URL: https://moluch.ru/archive/58/8096/}},
    note = {Дата обращения: 14.06.22}
}

@article{
    Donetsky,
    title = {Профориентация населения — важное условие эффективной занятости},
    author = {Донецкий А. М., Крымова Н. А.},
    journal = {Вестник ВГУ. Серия: Экономика и управление},
    volume = {1},
    number = {1},
    pages = {226-228},
    year = {2011},
}

@misc{
    Netology,
    title = {Нетология. Образовательная платформа.},
    howpublished = {\url{URL: https://www.netology.ru/}},
    note = {Дата обращения: 16.06.22}
}

@misc{
    Miro,
    title = {Miro},
    howpublished = {\url{https://miro.com/}},
    note = {Дата обращения: 16.06.22}
}

@misc{
    Skillfolio,
    title = {Скиллфолио. Цифровой университет},
    howpublished = {\url{URL: https://www.skillfolio.ru}},
    note = {Дата обращения: 16.06.22}
}
@misc{
    Skillbox,
    title = {Онлайн-школа Skillbox},
    howpublished = {\url{URL: https://skillbox.ru/}},
    note = {Дата обращения: 16.06.22}
}
@misc{
    EdtechRating,
    title = {Крупнейшие EdTech компании России. Рейтинг.},
    howpublished = {\url{URL: https://edtechs.ru/}},
    note = {Дата обращения: 19.06.22}
}
@misc{
    RussianEdtechStudy2022,
    title = {Исследование рынка онлайн-образования 2022},
    howpublished = {\url{URL: https://netology.ru/edtech_research_2022}},
    note = {Дата обращения: 14.06.22}
}
@misc{
    VentureInvesting,
    title = {Исследование российского рынка венчурных инвестиций},
    howpublished = {\url{URL: https://vc-barometer.ru/}},
    note = {Дата обращения: 15.06.22}
}
@misc{
    TinkoffStudy,
    title = {Статистика по онлайн-образованию в России: сколько россиян учатся онлайн, на каких курсах и сколько за это платят.},
    howpublished = {\url{URL: https://journal.tinkoff.ru/online-stat/}},
    note = {Дата обращения: 15.06.22}
}
